@book {REF_graph,
	title = "Handbook of Graph Theory",
	editor = "Gross, Jonathan L. and Yellen, Jay",
	publisher = "CRC Press",
	year = "2004",
}

@book {REF_intro_algo,
	title = "Introduction to Algorithms, 4th edition",
	author = "Thomas H Corman, Charles E. Leiserson, Ronald L. Rivest, Clifford Stein",
	publisher = "MIT Press",
	year = "2009"
}

@book {REF_algo_cpp,
	title = "Algorithms in C++ Part 5, ",
	author = "Robert Sedgewick",
	publisher = "Addison-Wesley",
	year = "2002"
}
